<record><leader>00000cas a22000007a 4500</leader><controlfield tag="001">12577894</controlfield><controlfield tag="008">850920d19351941iauwr ne      0    0eng d</controlfield><datafield ind1=" " ind2=" " tag="010"><subfield code="a">sn 85049770 </subfield></datafield><datafield ind1=" " ind2=" " tag="040"><subfield code="a">INP</subfield><subfield code="b">eng</subfield><subfield code="c">INP</subfield><subfield code="d">OCLCQ</subfield></datafield><datafield ind1=" " ind2=" " tag="042"><subfield code="a">msc</subfield></datafield><datafield ind1="0" ind2="4" tag="245"><subfield code="a">The Monroe citizen.</subfield></datafield><datafield ind1=" " ind2=" " tag="260"><subfield code="a">Monroe, Jasper County, Iowa :</subfield><subfield code="b">L.C. Stanley</subfield></datafield><datafield ind1=" " ind2=" " tag="300"><subfield code="a">v. :</subfield><subfield code="b">ill.</subfield></datafield><datafield ind1=" " ind2=" " tag="310"><subfield code="a">Weekly</subfield></datafield><datafield ind1="1" ind2=" " tag="362"><subfield code="a">Began in 1935; ceased in 1941.</subfield><subfield code="z">Cf. Bibl. of Iowa newspapers.</subfield></datafield><datafield ind1=" " ind2=" " tag="500"><subfield code="a">"The Monroe Citizen is the only newspaper in the world directly interested in the welfare of Monroe citizens and the making of Monroe a better place in which to live."</subfield></datafield><datafield ind1=" " ind2=" " tag="580"><subfield code="a">Merged with: Jasper County mirror, and: Jasper County record, to form: Monroe mirror (Monroe, Iowa : 1942). Cf. Monroe mirror (Monroe, Iowa : 1942), Jan. 5, 1950.</subfield></datafield><datafield ind1=" " ind2=" " tag="588"><subfield code="a">Description based on: Vol. 4, no. 21 (Oct. 19, 1939).</subfield></datafield><datafield ind1=" " ind2=" " tag="752"><subfield code="a">United States</subfield><subfield code="b">Iowa</subfield><subfield code="c">Jasper</subfield><subfield code="d">Monroe.</subfield></datafield><datafield ind1="1" ind2="7" tag="785"><subfield code="t">Jasper County mirror</subfield></datafield><datafield ind1="1" ind2="7" tag="785"><subfield code="t">Jasper County record</subfield><subfield code="w">(DLC)sn 85050897</subfield></datafield><datafield ind1="1" ind2="7" tag="785"><subfield code="t">Monroe mirror (Monroe, Iowa : 1942)</subfield><subfield code="w">(DLC)sn 85049771</subfield></datafield><datafield ind1="1" ind2=" " tag="029"><subfield code="a">AU@</subfield><subfield code="b">000025784773</subfield></datafield></record>